@article {AP06,
    AUTHOR = {Abramovich, Dan and Polishchuk, Alexander},
     TITLE = {Sheaves of {$t$}-structures and valuative criteria for stable
              complexes},
   JOURNAL = {J. Reine Angew. Math.},
  FJOURNAL = {Journal f\"{u}r die Reine und Angewandte Mathematik. [Crelle's
              Journal]},
    VOLUME = {590},
      YEAR = {2006},
     PAGES = {89--130},
      ISSN = {0075-4102},
   MRCLASS = {14F05 (18E30)},
  MRNUMBER = {2208130},
MRREVIEWER = {Marcello Bernardara},
       DOI = {10.1515/CRELLE.2006.005},
       URL = {https://doi.org/10.1515/CRELLE.2006.005},
}

@book {AlperGMS,
    AUTHOR = {Alper, Jarod},
     TITLE = {Good moduli spaces for {A}rtin stacks},
      NOTE = {Thesis (Ph.D.)--Stanford University},
 PUBLISHER = {ProQuest LLC, Ann Arbor, MI},
      YEAR = {2008},
     PAGES = {70},
      ISBN = {978-0549-62962-7},
   MRCLASS = {Thesis},
  MRNUMBER = {2711743},
       URL =
              {http://gateway.proquest.com/openurl?url_ver=Z39.88-2004&rft_val_fmt=info:ofi/fmt:kev:mtx:dissertation&res_dat=xri:pqdiss&rft_dat=xri:pqdiss:3313806},
}

@misc{AHLH,
    title={Existence of moduli spaces for algebraic stacks},
    author={Jarod Alper and Daniel Halpern-Leistner and Jochen Heinloth},
    year={2018},
    eprint={1812.01128},
    archivePrefix={arXiv},
    primaryClass={math.AG}
}

@article {altklei,
    AUTHOR = {Altman, Allen B. and Kleiman, Steven L.},
     TITLE = {Compactifying the {P}icard scheme},
   JOURNAL = {Adv. in Math.},
  FJOURNAL = {Advances in Mathematics},
    VOLUME = {35},
      YEAR = {1980},
    NUMBER = {1},
     PAGES = {50--112},
      ISSN = {0001-8708},
   MRCLASS = {14K30 (14C05)},
  MRNUMBER = {555258},
MRREVIEWER = {T. Oda},
       DOI = {10.1016/0001-8708(80)90043-2},
       URL = {https://doi-org.offcampus.lib.washington.edu/10.1016/0001-8708(80)90043-2},
}

@article {ABCH,
    AUTHOR = {Arcara, Daniele and Bertram, Aaron and Coskun, Izzet and
              Huizenga, Jack},
     TITLE = {The minimal model program for the {H}ilbert scheme of points
              on {$\mathbb{P}^2$} and {B}ridgeland stability},
   JOURNAL = {Adv. Math.},
  FJOURNAL = {Advances in Mathematics},
    VOLUME = {235},
      YEAR = {2013},
     PAGES = {580--626},
      ISSN = {0001-8708},
   MRCLASS = {14E30 (14C05 14D23)},
  MRNUMBER = {3010070},
MRREVIEWER = {Yifei Chen},
       DOI = {10.1016/j.aim.2012.11.018},
       URL = {https://doi-org.offcampus.lib.washington.edu/10.1016/j.aim.2012.11.018},
}

@article {ABL13,
    AUTHOR = {Arcara, Daniele and Bertram, Aaron},
     TITLE = {Bridgeland-stable moduli spaces for {$K$}-trivial surfaces},
      NOTE = {With an appendix by Max Lieblich},
   JOURNAL = {J. Eur. Math. Soc. (JEMS)},
  FJOURNAL = {Journal of the European Mathematical Society (JEMS)},
    VOLUME = {15},
      YEAR = {2013},
    NUMBER = {1},
     PAGES = {1--38},
      ISSN = {1435-9855},
   MRCLASS = {14F05 (14D20)},
  MRNUMBER = {2998828},
MRREVIEWER = {Pawel Sosna},
       DOI = {10.4171/JEMS/354},
       URL = {https://doi.org/10.4171/JEMS/354},
}


@article {AM,
    AUTHOR = {Arcara, Daniele and Miles, Eric},
     TITLE = {Projectivity of {B}ridgeland moduli spaces on del {P}ezzo
              surfaces of {P}icard rank 2},
   JOURNAL = {Int. Math. Res. Not. IMRN},
  FJOURNAL = {International Mathematics Research Notices. IMRN},
      YEAR = {2017},
    NUMBER = {11},
     PAGES = {3426--3462},
      ISSN = {1073-7928},
   MRCLASS = {14F05 (14D20 14J26 18E30 18E40)},
  MRNUMBER = {3693655},
MRREVIEWER = {Bernd Kreussler},
       DOI = {10.1093/imrn/rnw132},
       URL = {https://doi-org.offcampus.lib.washington.edu/10.1093/imrn/rnw132},
}

@article {bayer-polynomial,
    AUTHOR = {Bayer, Arend},
     TITLE = {Polynomial {B}ridgeland stability conditions and the large
              volume limit},
   JOURNAL = {Geom. Topol.},
  FJOURNAL = {Geometry \& Topology},
    VOLUME = {13},
      YEAR = {2009},
    NUMBER = {4},
     PAGES = {2389--2425},
      ISSN = {1465-3060},
   MRCLASS = {14F05 (14D20 14J32 14N35 18E30)},
  MRNUMBER = {2515708},
MRREVIEWER = {Paolo Stellari},
       DOI = {10.2140/gt.2009.13.2389},
       URL = {https://doi-org.offcampus.lib.washington.edu/10.2140/gt.2009.13.2389},
}

@article {BM,
    AUTHOR = {Bayer, Arend and Macr\`\i , Emanuele},
     TITLE = {Projectivity and birational geometry of {B}ridgeland moduli
              spaces},
   JOURNAL = {J. Amer. Math. Soc.},
  FJOURNAL = {Journal of the American Mathematical Society},
    VOLUME = {27},
      YEAR = {2014},
    NUMBER = {3},
     PAGES = {707--752},
      ISSN = {0894-0347},
   MRCLASS = {14D20 (14E30 14F05 14J28)},
  MRNUMBER = {3194493},
MRREVIEWER = {P. E. Newstead},
       DOI = {10.1090/S0894-0347-2014-00790-6},
       URL = {https://doi-org.offcampus.lib.washington.edu/10.1090/S0894-0347-2014-00790-6},
}

@article {bridgeland-flops,
    AUTHOR = {Bridgeland, Tom},
     TITLE = {Flops and derived categories},
   JOURNAL = {Invent. Math.},
  FJOURNAL = {Inventiones Mathematicae},
    VOLUME = {147},
      YEAR = {2002},
    NUMBER = {3},
     PAGES = {613--632},
      ISSN = {0020-9910},
   MRCLASS = {14E30 (14D22 14F05 14J30 14J32 18E30)},
  MRNUMBER = {1893007},
MRREVIEWER = {Jiun-Cheng Chen},
       DOI = {10.1007/s002220100185},
       URL = {https://doi-org.offcampus.lib.washington.edu/10.1007/s002220100185},
}

@article {bridgeland,
    AUTHOR = {Bridgeland, Tom},
     TITLE = {Stability conditions on triangulated categories},
   JOURNAL = {Ann. of Math. (2)},
  FJOURNAL = {Annals of Mathematics. Second Series},
    VOLUME = {166},
      YEAR = {2007},
    NUMBER = {2},
     PAGES = {317--345},
      ISSN = {0003-486X},
   MRCLASS = {14F05 (18E30)},
  MRNUMBER = {2373143},
MRREVIEWER = {Leovigildo M. Alonso Tarrio},
       DOI = {10.4007/annals.2007.166.317},
       URL = {https://doi-org.offcampus.lib.washington.edu/10.4007/annals.2007.166.317},
}

@article {bridgelandK3,
    AUTHOR = {Bridgeland, Tom},
     TITLE = {Stability conditions on {$K3$} surfaces},
   JOURNAL = {Duke Math. J.},
  FJOURNAL = {Duke Mathematical Journal},
    VOLUME = {141},
      YEAR = {2008},
    NUMBER = {2},
     PAGES = {241--291},
      ISSN = {0012-7094},
   MRCLASS = {14F05 (14J28 18E30)},
  MRNUMBER = {2376815},
MRREVIEWER = {Andrei D. Halanay},
       DOI = {10.1215/S0012-7094-08-14122-5},
       URL = {https://doi-org.offcampus.lib.washington.edu/10.1215/S0012-7094-08-14122-5},
}


@article {faltings,
    AUTHOR = {Faltings, Gerd},
     TITLE = {Stable {$G$}-bundles and projective connections},
   JOURNAL = {J. Algebraic Geom.},
  FJOURNAL = {Journal of Algebraic Geometry},
    VOLUME = {2},
      YEAR = {1993},
    NUMBER = {3},
     PAGES = {507--568},
      ISSN = {1056-3911},
   MRCLASS = {14D20 (14H60 32G13 58D27)},
  MRNUMBER = {1211997},
MRREVIEWER = {Yves Laszlo},
}


@book {FGA-explained,
    AUTHOR = {Fantechi, Barbara and G\"{o}ttsche, Lothar and Illusie, Luc and
              Kleiman, Steven L. and Nitsure, Nitin and Vistoli, Angelo},
     TITLE = {Fundamental algebraic geometry},
    SERIES = {Mathematical Surveys and Monographs},
    VOLUME = {123},
      NOTE = {Grothendieck's FGA explained},
 PUBLISHER = {American Mathematical Society, Providence, RI},
      YEAR = {2005},
     PAGES = {x+339},
      ISBN = {0-8218-3541-6},
   MRCLASS = {14-06 (14A15 14D15 14F20)},
  MRNUMBER = {2222646},
MRREVIEWER = {Liam O'Carroll},
       DOI = {10.1090/surv/123},
       URL = {https://doi.org/10.1090/surv/123},
}



@book {huy-fourier,
    AUTHOR = {Huybrechts, D.},
     TITLE = {Fourier-{M}ukai transforms in algebraic geometry},
    SERIES = {Oxford Mathematical Monographs},
 PUBLISHER = {The Clarendon Press, Oxford University Press, Oxford},
      YEAR = {2006},
     PAGES = {viii+307},
      ISBN = {978-0-19-929686-6; 0-19-929686-3},
   MRCLASS = {14F05 (14-02 18E30)},
  MRNUMBER = {2244106},
MRREVIEWER = {Bal\'{a}zs Szendr\H{o}i},
       DOI = {10.1093/acprof:oso/9780199296866.001.0001},
       URL = {https://doi-org.offcampus.lib.washington.edu/10.1093/acprof:oso/9780199296866.001.0001},
}


@article {huy,
    AUTHOR = {Huybrechts, Daniel},
     TITLE = {Derived and abelian equivalence of {$K3$} surfaces},
   JOURNAL = {J. Algebraic Geom.},
  FJOURNAL = {Journal of Algebraic Geometry},
    VOLUME = {17},
      YEAR = {2008},
    NUMBER = {2},
     PAGES = {375--400},
      ISSN = {1056-3911},
   MRCLASS = {14F05 (14C34 14J28)},
  MRNUMBER = {2369091},
MRREVIEWER = {Carlo Giovanni Madonna},
       DOI = {10.1090/S1056-3911-07-00481-X},
       URL = {https://doi-org.offcampus.lib.washington.edu/10.1090/S1056-3911-07-00481-X},
}

@book {HL,
    AUTHOR = {Huybrechts, Daniel and Lehn, Manfred},
     TITLE = {The geometry of moduli spaces of sheaves},
    SERIES = {Cambridge Mathematical Library},
   EDITION = {Second},
 PUBLISHER = {Cambridge University Press, Cambridge},
      YEAR = {2010},
     PAGES = {xviii+325},
      ISBN = {978-0-521-13420-0},
   MRCLASS = {14D20 (14F05)},
  MRNUMBER = {2665168},
       DOI = {10.1017/CBO9780511711985},
       URL = {https://doi-org.offcampus.lib.washington.edu/10.1017/CBO9780511711985},
}

@article {inaba,
    AUTHOR = {Inaba, Michi-aki},
     TITLE = {Toward a definition of moduli of complexes of coherent sheaves
              on a projective scheme},
   JOURNAL = {J. Math. Kyoto Univ.},
  FJOURNAL = {Journal of Mathematics of Kyoto University},
    VOLUME = {42},
      YEAR = {2002},
    NUMBER = {2},
     PAGES = {317--329},
      ISSN = {0023-608X},
   MRCLASS = {14D20 (14F05)},
  MRNUMBER = {1966840},
MRREVIEWER = {Nicolas Perrin},
       DOI = {10.1215/kjm/1250283873},
       URL = {https://doi-org.offcampus.lib.washington.edu/10.1215/kjm/1250283873},
}

@article {kollar-projectivity,
    AUTHOR = {Koll\'{a}r, J\'{a}nos},
     TITLE = {Projectivity of complete moduli},
   JOURNAL = {J. Differential Geom.},
  FJOURNAL = {Journal of Differential Geometry},
    VOLUME = {32},
      YEAR = {1990},
    NUMBER = {1},
     PAGES = {235--268},
      ISSN = {0022-040X},
   MRCLASS = {14D22 (14H10 14J10)},
  MRNUMBER = {1064874},
MRREVIEWER = {Autorreferat},
       URL = {http://projecteuclid.org.offcampus.lib.washington.edu/euclid.jdg/1214445046},
}

@article {KM76,
    AUTHOR = {Knudsen, Finn Faye and Mumford, David},
     TITLE = {The projectivity of the moduli space of stable curves. {I}.
              {P}reliminaries on ``det'' and ``{D}iv''},
   JOURNAL = {Math. Scand.},
  FJOURNAL = {Mathematica Scandinavica},
    VOLUME = {39},
      YEAR = {1976},
    NUMBER = {1},
     PAGES = {19--55},
      ISSN = {0025-5521},
   MRCLASS = {14H10 (14C05 14F05)},
  MRNUMBER = {437541},
MRREVIEWER = {P. E. Newstead},
       DOI = {10.7146/math.scand.a-11642},
       URL = {https://doi-org.offcampus.lib.washington.edu/10.7146/math.scand.a-11642},
}

@book {knutson,
    AUTHOR = {Knutson, Donald},
     TITLE = {Algebraic spaces},
    SERIES = {Lecture Notes in Mathematics, Vol. 203},
 PUBLISHER = {Springer-Verlag, Berlin-New York},
      YEAR = {1971},
     PAGES = {vi+261},
   MRCLASS = {14A20 (13J15 14F20)},
  MRNUMBER = {0302647},
MRREVIEWER = {H. Kurke},
}

@article {li,
    AUTHOR = {Li, Jun},
     TITLE = {Algebraic geometric interpretation of {D}onaldson's polynomial
              invariants},
   JOURNAL = {J. Differential Geom.},
  FJOURNAL = {Journal of Differential Geometry},
    VOLUME = {37},
      YEAR = {1993},
    NUMBER = {2},
     PAGES = {417--466},
      ISSN = {0022-040X},
   MRCLASS = {14D20 (14J60 57R55 57R57)},
  MRNUMBER = {1205451},
MRREVIEWER = {Zhenbo Qin},
       URL = {http://projecteuclid.org/euclid.jdg/1214453683},
}

@book {liuwanmin,
    AUTHOR = {Liu, Wanmin},
     TITLE = {Bayer-{M}acri decomposition on {B}ridgeland moduli spaces over
              surfaces},
      NOTE = {Thesis (Ph.D.)--Hong Kong University of Science and Technology
              (Hong Kong)},
 PUBLISHER = {ProQuest LLC, Ann Arbor, MI},
      YEAR = {2015},
     PAGES = {91},
      ISBN = {978-1369-27062-4},
   MRCLASS = {Thesis},
  MRNUMBER = {3579547},
       URL =
              {http://gateway.proquest.com.offcampus.lib.washington.edu/openurl?url_ver=Z39.88-2004&rft_val_fmt=info:ofi/fmt:kev:mtx:dissertation&res_dat=xri:pqm&rft_dat=xri:pqdiss:10172277},
}

@misc{lo,
    title={On some moduli of complexes on K3 surfaces},
    author={Jason Lo},
    year={2012},
    eprint={1203.1558},
    archivePrefix={arXiv},
    primaryClass={math.AG}
}

@article {lo-PT1,
    AUTHOR = {Lo, Jason},
     TITLE = {Moduli of {PT}-semistable objects {I}},
   JOURNAL = {J. Algebra},
  FJOURNAL = {Journal of Algebra},
    VOLUME = {339},
      YEAR = {2011},
     PAGES = {203--222},
      ISSN = {0021-8693},
   MRCLASS = {14F05 (14J30 18E30)},
  MRNUMBER = {2811320},
MRREVIEWER = {Adrian Langer},
       DOI = {10.1016/j.jalgebra.2011.04.035},
       URL = {https://doi-org.offcampus.lib.washington.edu/10.1016/j.jalgebra.2011.04.035},
}

@article {lo-PT2,
    AUTHOR = {Lo, Jason},
     TITLE = {Moduli of {PT}-semistable objects {II}},
   JOURNAL = {Trans. Amer. Math. Soc.},
  FJOURNAL = {Transactions of the American Mathematical Society},
    VOLUME = {365},
      YEAR = {2013},
    NUMBER = {9},
     PAGES = {4539--4573},
      ISSN = {0002-9947},
   MRCLASS = {14F05 (14A20 14D20)},
  MRNUMBER = {3066765},
MRREVIEWER = {Adrian Langer},
       DOI = {10.1090/S0002-9947-2013-05622-X},
       URL = {https://doi-org.offcampus.lib.washington.edu/10.1090/S0002-9947-2013-05622-X},
}

@article {LQ,
    AUTHOR = {Lo, Jason and Qin, Zhenbo},
     TITLE = {Mini-walls for {B}ridgeland stability conditions on the
              derived category of sheaves over surfaces},
   JOURNAL = {Asian J. Math.},
  FJOURNAL = {Asian Journal of Mathematics},
    VOLUME = {18},
      YEAR = {2014},
    NUMBER = {2},
     PAGES = {321--344},
      ISSN = {1093-6106},
   MRCLASS = {14F05 (14D20)},
  MRNUMBER = {3217639},
MRREVIEWER = {Andrei D. Halanay},
       DOI = {10.4310/AJM.2014.v18.n2.a7},
       URL = {https://doi-org.offcampus.lib.washington.edu/10.4310/AJM.2014.v18.n2.a7},
}

@article {lie06,
    AUTHOR = {Lieblich, Max},
     TITLE = {Moduli of complexes on a proper morphism},
   JOURNAL = {J. Algebraic Geom.},
  FJOURNAL = {Journal of Algebraic Geometry},
    VOLUME = {15},
      YEAR = {2006},
    NUMBER = {1},
     PAGES = {175--206},
      ISSN = {1056-3911},
   MRCLASS = {14D20 (14A20)},
  MRNUMBER = {2177199},
MRREVIEWER = {Hsian-Hua Tseng},
       DOI = {10.1090/S1056-3911-05-00418-2},
       URL = {https://doi.org/10.1090/S1056-3911-05-00418-2},
}

@article {maciocia,
    AUTHOR = {Maciocia, Antony},
     TITLE = {Computing the walls associated to {B}ridgeland stability
              conditions on projective surfaces},
   JOURNAL = {Asian J. Math.},
  FJOURNAL = {Asian Journal of Mathematics},
    VOLUME = {18},
      YEAR = {2014},
    NUMBER = {2},
     PAGES = {263--279},
      ISSN = {1093-6106},
   MRCLASS = {14F05 (18E30 18E40)},
  MRNUMBER = {3217637},
MRREVIEWER = {Justin Sawon},
       DOI = {10.4310/AJM.2014.v18.n2.a5},
       URL = {https://doi-org.offcampus.lib.washington.edu/10.4310/AJM.2014.v18.n2.a5},
}

@article {MM,
    AUTHOR = {Maciocia, Antony and Meachan, Ciaran},
     TITLE = {Rank 1 {B}ridgeland stable moduli spaces on a principally
              polarized abelian surface},
   JOURNAL = {Int. Math. Res. Not. IMRN},
  FJOURNAL = {International Mathematics Research Notices. IMRN},
      YEAR = {2013},
    NUMBER = {9},
     PAGES = {2054--2077},
      ISSN = {1073-7928},
   MRCLASS = {14D20 (14C20 14F05 14J60 18E30)},
  MRNUMBER = {3053413},
MRREVIEWER = {Nicolae Manolache},
       DOI = {10.1093/imrn/rns107},
       URL = {https://doi-org.offcampus.lib.washington.edu/10.1093/imrn/rns107},
}

@incollection {MS,
    AUTHOR = {Macr\`\i , Emanuele and Schmidt, Benjamin},
     TITLE = {Lectures on {B}ridgeland stability},
 BOOKTITLE = {Moduli of curves},
    SERIES = {Lect. Notes Unione Mat. Ital.},
    VOLUME = {21},
     PAGES = {139--211},
 PUBLISHER = {Springer, Cham},
      YEAR = {2017},
   MRCLASS = {14F05 (32Q26)},
  MRNUMBER = {3729077},
MRREVIEWER = {Zhenbo Qin},
}

@article {mmy,
    AUTHOR = {Minamide, Hiroki and Yanagida, Shintarou and Yoshioka, K\={o}ta},
     TITLE = {The wall-crossing behavior for {B}ridgeland's stability
              conditions on abelian and {K}3 surfaces},
   JOURNAL = {J. Reine Angew. Math.},
  FJOURNAL = {Journal f\"{u}r die Reine und Angewandte Mathematik. [Crelle's
              Journal]},
    VOLUME = {735},
      YEAR = {2018},
     PAGES = {1--107},
      ISSN = {0075-4102},
   MRCLASS = {14F05 (14J28 14K05)},
  MRNUMBER = {3757471},
MRREVIEWER = {Zhenbo Qin},
       DOI = {10.1515/crelle-2015-0010},
       URL = {https://doi-org.offcampus.lib.washington.edu/10.1515/crelle-2015-0010},
}

@incollection {mumford,
    AUTHOR = {Mumford, David},
     TITLE = {Projective invariants of projective structures and
              applications},
 BOOKTITLE = {Proc. {I}nternat. {C}ongr. {M}athematicians ({S}tockholm,
              1962)},
     PAGES = {526--530},
 PUBLISHER = {Inst. Mittag-Leffler, Djursholm},
      YEAR = {1963},
   MRCLASS = {14.08 (14.20)},
  MRNUMBER = {0175899},
}



@book {GIT,
    AUTHOR = {Mumford, D. and Fogarty, J. and Kirwan, F.},
     TITLE = {Geometric invariant theory},
    SERIES = {Ergebnisse der Mathematik und ihrer Grenzgebiete (2) [Results
              in Mathematics and Related Areas (2)]},
    VOLUME = {34},
   EDITION = {Third},
 PUBLISHER = {Springer-Verlag, Berlin},
      YEAR = {1994},
     PAGES = {xiv+292},
      ISBN = {3-540-56963-4},
   MRCLASS = {14D25 (58E05 58F05)},
  MRNUMBER = {1304906},
MRREVIEWER = {Yi Hu},
       DOI = {10.1007/978-3-642-57916-5},
       URL = {https://doi-org.offcampus.lib.washington.edu/10.1007/978-3-642-57916-5},
}



@book {nuer,
    AUTHOR = {Nuer, Howard J.},
     TITLE = {Moduli of {B}ridgeland stable objects on an {E}nriques
              surface},
      NOTE = {Thesis (Ph.D.)--Rutgers The State University of New Jersey -
              New Brunswick},
 PUBLISHER = {ProQuest LLC, Ann Arbor, MI},
      YEAR = {2016},
     PAGES = {130},
      ISBN = {978-1369-35024-1},
   MRCLASS = {Thesis},
  MRNUMBER = {3597832},
       URL =
              {http://gateway.proquest.com.offcampus.lib.washington.edu/openurl?url_ver=Z39.88-2004&rft_val_fmt=info:ofi/fmt:kev:mtx:dissertation&res_dat=xri:pqm&rft_dat=xri:pqdiss:10291851},
}

@article {PT,
    AUTHOR = {Pandharipande, R. and Thomas, R. P.},
     TITLE = {Curve counting via stable pairs in the derived category},
   JOURNAL = {Invent. Math.},
  FJOURNAL = {Inventiones Mathematicae},
    VOLUME = {178},
      YEAR = {2009},
    NUMBER = {2},
     PAGES = {407--447},
      ISSN = {0020-9910},
   MRCLASS = {14N35 (14F05 18E30)},
  MRNUMBER = {2545686},
MRREVIEWER = {Yunfeng Jiang},
       DOI = {10.1007/s00222-009-0203-9},
       URL = {https://doi-org.offcampus.lib.washington.edu/10.1007/s00222-009-0203-9},
}


@article {seshadri-space-of-unitary,
    AUTHOR = {Seshadri, C. S.},
     TITLE = {Space of unitary vector bundles on a compact {R}iemann
              surface},
   JOURNAL = {Ann. of Math. (2)},
  FJOURNAL = {Annals of Mathematics. Second Series},
    VOLUME = {85},
      YEAR = {1967},
     PAGES = {303--336},
      ISSN = {0003-486X},
   MRCLASS = {57.30 (30.00)},
  MRNUMBER = {233371},
MRREVIEWER = {T. tom Dieck},
       DOI = {10.2307/1970444},
       URL = {https://doi-org.offcampus.lib.washington.edu/10.2307/1970444},
}


@incollection {seshadri,
    AUTHOR = {Seshadri, C. S.},
     TITLE = {Vector bundles on curves},
 BOOKTITLE = {Linear algebraic groups and their representations ({L}os
              {A}ngeles, {CA}, 1992)},
    SERIES = {Contemp. Math.},
    VOLUME = {153},
     PAGES = {163--200},
 PUBLISHER = {Amer. Math. Soc., Providence, RI},
      YEAR = {1993},
   MRCLASS = {14D20 (14H60)},
  MRNUMBER = {1247504},
MRREVIEWER = {Jean-Marc Drezet},
       DOI = {10.1090/conm/153/01312},
       URL = {https://doi.org/10.1090/conm/153/01312},
}

@misc{stacks-project,
  author       = {The {Stacks project authors}},
  title        = {The Stacks project},
  howpublished = {\url{https://stacks.math.columbia.edu}},
  year         = {2020},
}

@unpublished {t,
    AUTHOR = {Tajakka, Tuomas},
    TITLE = {{U}hlenbeck Compactification as a {B}ridgeland Moduli Space},
    YEAR = {2020},
    NOTE = {In preparation},
    
}

@article {toda08,
    AUTHOR = {Toda, Yukinobu},
     TITLE = {Moduli stacks and invariants of semistable objects on {$K3$}
              surfaces},
   JOURNAL = {Adv. Math.},
  FJOURNAL = {Advances in Mathematics},
    VOLUME = {217},
      YEAR = {2008},
    NUMBER = {6},
     PAGES = {2736--2781},
      ISSN = {0001-8708},
   MRCLASS = {14D20 (14F05 14J28)},
  MRNUMBER = {2397465},
MRREVIEWER = {Paolo Stellari},
       DOI = {10.1016/j.aim.2007.11.010},
       URL = {https://doi-org.offcampus.lib.washington.edu/10.1016/j.aim.2007.11.010},
}

@article {toda-limitstable,
    AUTHOR = {Toda, Yukinobu},
     TITLE = {Limit stable objects on {C}alabi-{Y}au 3-folds},
   JOURNAL = {Duke Math. J.},
  FJOURNAL = {Duke Mathematical Journal},
    VOLUME = {149},
      YEAR = {2009},
    NUMBER = {1},
     PAGES = {157--208},
      ISSN = {0012-7094},
   MRCLASS = {14F05 (14J32 18E30)},
  MRNUMBER = {2541209},
       DOI = {10.1215/00127094-2009-038},
       URL = {https://doi-org.offcampus.lib.washington.edu/10.1215/00127094-2009-038},
}





